<record><leader>00000cas a2200000 a 4500</leader><controlfield tag="001">2266841</controlfield><controlfield tag="008">760620d18031823paudn ne      0    0eng c</controlfield><datafield ind1=" " ind2=" " tag="010"><subfield code="a">sn 84026306 </subfield></datafield><datafield ind1=" " ind2=" " tag="040"><subfield code="a">PIT</subfield><subfield code="b">eng</subfield><subfield code="c">PIT</subfield><subfield code="d">NPU</subfield><subfield code="d">NPH</subfield><subfield code="d">NPY</subfield><subfield code="d">NPH</subfield><subfield code="d">DLC</subfield><subfield code="d">NPX</subfield><subfield code="d">KNP</subfield><subfield code="d">NJW</subfield><subfield code="d">NLG</subfield><subfield code="d">MFN</subfield><subfield code="d">KNP</subfield><subfield code="d">MGN</subfield><subfield code="d">NVK</subfield><subfield code="d">FUG</subfield><subfield code="d">OCL</subfield><subfield code="d">DLC</subfield><subfield code="d">NYS</subfield><subfield code="d">OCLCG</subfield><subfield code="d">KRTAS</subfield><subfield code="d">OCLCQ</subfield><subfield code="d">OCLCF</subfield><subfield code="d">OCLCO</subfield></datafield><datafield ind1="1" ind2=" " tag="029"><subfield code="a">AU@</subfield><subfield code="b">000020120488</subfield></datafield><datafield ind1=" " ind2=" " tag="042"><subfield code="a">pcc</subfield></datafield><datafield ind1=" " ind2=" " tag="043"><subfield code="a">n-us-pa</subfield></datafield><datafield ind1="0" ind2="0" tag="050"><subfield code="a">Newspaper 9549</subfield></datafield><datafield ind1="0" ind2="0" tag="245"><subfield code="a">Relfs Philadelphia gazette, and daily advertiser.</subfield></datafield><datafield ind1="3" ind2="0" tag="246"><subfield code="a">Philadelphia gazette, and daily advertiser</subfield></datafield><datafield ind1="3" ind2="0" tag="246"><subfield code="a">Gazette and daily advertiser</subfield></datafield><datafield ind1="3" ind2="0" tag="246"><subfield code="a">Philadelphia gazette</subfield></datafield><datafield ind1=" " ind2=" " tag="260"><subfield code="a">Philadelphia [Pa.] :</subfield><subfield code="b">Samuel Relf,</subfield><subfield code="c">1803-1823.</subfield></datafield><datafield ind1=" " ind2=" " tag="300"><subfield code="a">21 v. ;</subfield><subfield code="c">52 cm.</subfield></datafield><datafield ind1=" " ind2=" " tag="310"><subfield code="a">Daily (except Sunday)</subfield></datafield><datafield ind1="0" ind2=" " tag="362"><subfield code="a">Vol. 20, no. 4395 (Jan. 1, 1803)-v. 40, no. 10,500 (Mar. 15, 1823).</subfield></datafield><datafield ind1=" " ind2=" " tag="500"><subfield code="a">"Whatever measures have a tendency to dissolve the union, or contribute to violate or lessen the Sovereign Authority, might be considered as hostile to the Liberty and Independence of America, ' Washington."</subfield></datafield><datafield ind1=" " ind2=" " tag="580"><subfield code="a">Semiweekly ed.: Philadelphia gazette (Philadelphia, Pa. : 1809).</subfield></datafield><datafield ind1=" " ind2="0" tag="651"><subfield code="a">Philadelphia (Pa.)</subfield><subfield code="v">Newspapers.</subfield></datafield><datafield ind1=" " ind2="0" tag="651"><subfield code="a">Philadelphia County (Pa.)</subfield><subfield code="v">Newspapers.</subfield></datafield><datafield ind1=" " ind2="7" tag="655"><subfield code="a">Newspapers.</subfield><subfield code="2">fast</subfield><subfield code="0">(OCoLC)fst01423814</subfield></datafield><datafield ind1=" " ind2="7" tag="651"><subfield code="a">Pennsylvania</subfield><subfield code="z">Philadelphia.</subfield><subfield code="2">fast</subfield><subfield code="0">(OCoLC)fst01204170</subfield></datafield><datafield ind1=" " ind2="7" tag="651"><subfield code="a">Pennsylvania</subfield><subfield code="z">Philadelphia County.</subfield><subfield code="2">fast</subfield><subfield code="0">(OCoLC)fst01217128</subfield></datafield><datafield ind1="1" ind2=" " tag="700"><subfield code="a">Relf, Samuel,</subfield><subfield code="d">1776-1823.</subfield></datafield><datafield ind1=" " ind2=" " tag="752"><subfield code="a">United States</subfield><subfield code="b">Pennsylvania</subfield><subfield code="c">Philadelphia</subfield><subfield code="d">Philadelphia.</subfield></datafield><datafield ind1="1" ind2=" " tag="775"><subfield code="t">Philadelphia gazette (Philadelphia, Pa. : 1809)</subfield><subfield code="w">(DLC)sn 87062027</subfield><subfield code="w">(OCoLC)15075877</subfield></datafield><datafield ind1="0" ind2="0" tag="780"><subfield code="t">Philadelphia gazette &amp; daily advertiser (Philadelphia, Pa. : 1800)</subfield><subfield code="w">(DLC)sn 84026307</subfield><subfield code="w">(OCoLC)10388504</subfield></datafield><datafield ind1="0" ind2="0" tag="785"><subfield code="t">Philadelphia gazette, and daily advertiser (Philadelphia, Pa. : 1823)</subfield><subfield code="w">(DLC)sn 84026305</subfield><subfield code="w">(OCoLC)10385046</subfield></datafield><datafield ind1=" " ind2=" " tag="938"><subfield code="a">Kirtas Technologies, Inc.</subfield><subfield code="b">KRTS</subfield><subfield code="n">735703</subfield></datafield></record>